<?xml version="1.0" encoding="UTF-8"?><record xmlns="http://www.loc.gov/MARC21/slim" xmlns:cinclude="http://apache.org/cocoon/include/1.0" xmlns:zs="http://www.loc.gov/zing/srw/">
  <leader>01214cz  a2200193n  4500</leader>
  <controlfield tag="001">no2007125883</controlfield>
  <controlfield tag="003">DLC</controlfield>
  <controlfield tag="005">20130326112544.0</controlfield>
  <controlfield tag="008">071019n| azannaabn          |a aaa     c</controlfield>
  <datafield tag="010" ind1=" " ind2=" ">
    <subfield code="a">no2007125883</subfield>
  </datafield>
  <datafield tag="035" ind1=" " ind2=" ">
    <subfield code="a">(OCoLC)oca07556735</subfield>
  </datafield>
  <datafield tag="040" ind1=" " ind2=" ">
    <subfield code="a">InU-Mu</subfield>
    <subfield code="b">eng</subfield>
    <subfield code="e">rda</subfield>
    <subfield code="c">InU-Mu</subfield>
    <subfield code="d">DLC</subfield>
  </datafield>
  <datafield tag="100" ind1="1" ind2=" ">
    <subfield code="a">Le Jeune, Claude,</subfield>
    <subfield code="d">-1600.</subfield>
    <subfield code="t">Pseaumes de David</subfield>
    <subfield code="n">(1602-1610)</subfield>
  </datafield>
  <datafield tag="400" ind1="1" ind2=" ">
    <subfield code="a">Le Jeune, Claude,</subfield>
    <subfield code="d">-1600.</subfield>
    <subfield code="t">150 Pseaumes de David</subfield>
    <subfield code="n">(1602-1610)</subfield>
  </datafield>
  <datafield tag="400" ind1="1" ind2=" ">
    <subfield code="a">Le Jeune, Claude,</subfield>
    <subfield code="d">-1600.</subfield>
    <subfield code="t">Cent cinquante Pseaumes de David</subfield>
    <subfield code="n">(1602-1610)</subfield>
  </datafield>
  <datafield tag="400" ind1="1" ind2=" ">
    <subfield code="a">Le Jeune, Claude,</subfield>
    <subfield code="d">-1600.</subfield>
    <subfield code="t">Psaumes de David</subfield>
    <subfield code="n">(1602-1610)</subfield>
  </datafield>
  <datafield tag="400" ind1="1" ind2=" ">
    <subfield code="w">nnea</subfield>
    <subfield code="a">Le Jeune, Claude,</subfield>
    <subfield code="d">d. 1600.</subfield>
    <subfield code="t">Pseaumes de David</subfield>
    <subfield code="n">(1602-1610)</subfield>
  </datafield>
  <datafield tag="670" ind1=" " ind2=" ">
    <subfield code="a">Le Jeune, C. Deux [i.e. six] psaumes du 16e siècle, c1987-c1989:</subfield>
    <subfield code="b">t. 1, t.p. (Deux [i.e. six] psaumes du 16e siècle : pour trois voix mixtes) t. 1, p. 2 (Les Psaumes de David à trois parties ont paru successivement dans trois livres dont le dernier n'a été édité qu'après sa mort)</subfield>
  </datafield>
  <datafield tag="670" ind1=" " ind2=" ">
    <subfield code="a">Grove music online, WWW site, Oct. 19, 2007</subfield>
    <subfield code="b">(Premier livre, contenant 50 pseaumes de David mis en musique, 3vv (1602). Second livre contenant 50 pseaumes de David, 3vv (1608). Troisième livre des pseaumes de David, 3vv (1610))</subfield>
  </datafield>
</record>